<?xml version="1.0" encoding="UTF-8"?><collection xmlns="http://www.loc.gov/MARC21/slim"><record><leader>00434nam--2200121-i-4500</leader><controlfield tag="001">000007369</controlfield><controlfield tag="002">20161230</controlfield><controlfield tag="005">20161230201027</controlfield><controlfield tag="008">060222s1000------------r-----000-0-eng-d</controlfield><datafield ind1=" " ind2=" " tag="100"><subfield code="a">Balazard, J.Et Papoular, R</subfield></datafield><datafield ind1=" " ind2=" " tag="245"><subfield code="a">Applications des ondes hyperfrequences et infrarouges a l etude des plasmas</subfield></datafield><datafield ind1=" " ind2=" " tag="260"><subfield code="a">Paris, Dunod, 1965</subfield></datafield><datafield ind1=" " ind2=" " tag="490"><subfield code="a">Monographies De L Action Concertee  Electronique  De La Delegation Generale A La Recherche Scienti</subfield></datafield></record></collection>